@misc{davis:talk,
  author       = "Davis, Paul Joseph",
  title        = {{Knit: A New Tool for Releases and Upgrades}},
  year         = "2014",
  howpublished = "Talk at Erlang Factory",
  note         = "YouTube
                  \url{https://www.youtube.com/watch?v=D8eJ549XmEM};
                  accessed August 20, 2017"
}

@misc{davis:knit,
  author       = "Davis, Paul Joseph",
  title        = {{Knit: Another Erlang Release/Upgrade Tool}},
  year         = "2014",
  howpublished = "Repository",
  note         = "GitHub
                  \url{https://github.com/davisp/knit};
                  accessed August 20, 2017"
}

@inproceedings{carlsson:parameterized,
  title        = {{Parameterized modules in Erlang}},
  author       = "Carlsson, Richard",
  booktitle    = "Proceedings of the 2003 ACM SIGPLAN workshop on Erlang",
  pages        = "29--35",
  year         = "2003",
  organization = "ACM"
}
